<record><leader>00000cas a22000007a 4500</leader><controlfield tag="001">15112587</controlfield><controlfield tag="008">870126d18uu1857msuwr ne      0    0eng d</controlfield><datafield ind1=" " ind2=" " tag="010"><subfield code="a">sn 87065087 </subfield></datafield><datafield ind1=" " ind2=" " tag="040"><subfield code="a">MJA</subfield><subfield code="b">eng</subfield><subfield code="c">MJA</subfield><subfield code="d">MSJ</subfield><subfield code="d">OCLCQ</subfield></datafield><datafield ind1=" " ind2=" " tag="042"><subfield code="a">msc</subfield></datafield><datafield ind1="0" ind2="0" tag="245"><subfield code="a">Fayette watch-tower.</subfield></datafield><datafield ind1=" " ind2=" " tag="260"><subfield code="a">Fayette, Miss. :</subfield><subfield code="b">Thomas Harper,</subfield><subfield code="c">-1857.</subfield></datafield><datafield ind1=" " ind2=" " tag="310"><subfield code="a">Weekly</subfield></datafield><datafield ind1="0" ind2=" " tag="362"><subfield code="a">-v. 15, no. 55 (Oct. 30, 1857).</subfield></datafield><datafield ind1=" " ind2=" " tag="588"><subfield code="a">Description based on: Vol. 14, no. 12 (Dec. 27, 1855)=whole no. 714.</subfield></datafield><datafield ind1=" " ind2=" " tag="752"><subfield code="a">United States</subfield><subfield code="b">Mississippi</subfield><subfield code="c">Jefferson</subfield><subfield code="d">Fayette.</subfield></datafield><datafield ind1="0" ind2="0" tag="780"><subfield code="t">Southern watch-tower</subfield><subfield code="w">(OCoLC)14950542</subfield></datafield><datafield ind1="0" ind2="0" tag="785"><subfield code="t">Jefferson journal (Fayette, Miss.)</subfield><subfield code="w">(OCoLC)15130369</subfield></datafield></record>